@book{stallings2006organizaci√≥n,
  title={Organizaci{\'o}n y arquitectura de computadores},
  author={Stallings, W.},
  isbn={9788489660823},
  series={Fuera de colecci{\'o}n Out of series},
  url={https://books.google.co.cr/books?id=C3HTAAAACAAJ},
  year={2006},
  publisher={Pearson Educaci{\'o}n}
}
